% Encoding: UTF-8

@Misc{ObsPy,
  author = {The ObsPy Development Team},
  title  = {ObsPy 1.0.1},
  year   = {2016},
  month  = mar,
  doi    = {10.5281/zenodo.48254},
  url    = {https://doi.org/10.5281/zenodo.48254},
}

@Misc{AboutAmbari,
  author       = {Apache Software Foundation},
  title        = {Ambari},
  year         = {2016},
  howpublished = {Online},
  url          = {https://ambari.apache.org/},
  urldate      = {2016-09-14},
}

@Misc{MiniSeed,
  author       = {Incorporated Research Institutions for Seismology},
  title        = {{IRIS}: {SEED}},
  year         = {2016},
  howpublished = {Online},
  url          = {http://ds.iris.edu/ds/nodes/dmc/data/formats/seed/},
  urldate      = {2016-09-14},
}

@Misc{PyMongo,
  author       = {MongoDB. Inc.},
  title        = {{PyMongo} 3.3.0 Documentation — {PyMongo} 3.3.0 documentation},
  year         = {2016},
  howpublished = {Online},
  url          = {https://api.mongodb.com/python/current/},
  urldate      = {2016-09-14},
}

@Misc{Antelope,
  author       = {BRTT, Inc.},
  title        = {Antelope Environmental Monitoring System},
  year         = {2016},
  titleaddon   = {{GitHub}},
  howpublished = {online},
  url          = {https://github.com/antelopeusersgroup/antelope_contrib},
  urldate      = {2016-09-14},
  abstract     = {antelope\_contrib - Contributed code for the Antelope Environmental Monitoring System from {BRTT}, Inc. (http://www.brtt.com)},
}

@Misc{IRIS,
  author        = {IRIS},
  title         = {{IRIS} - Incorporated Research Institutions for Seismology},
  year          = {2016},
  howpublished  = {Online},
  url           = {https://www.iris.edu/hq/},
  urldate       = {2016-09-26},
  __markedentry = {[tony:]},
}

@Misc{Ansible,
  author        = {Red Hat Inc.},
  title         = {Ansible Use Cases},
  year          = {2016},
  howpublished  = {Online},
  url           = {https://www.ansible.com/use-cases-overview},
  urldate       = {2016-09-28},
  __markedentry = {[tony:6]},
  abstract      = {Ansible seamlessly unites workflow orchestration with configuration management, provisioning, and application deployment in one platform.},
}

@Misc{Shard,
  author        = {{Mongodb.inc}},
  title         = {Deploy a Sharded Cluster — {MongoDB} Manual 3.2},
  titleaddon    = {https://github.com/mongodb/docs/blob/v3.2/source/tutorial/deploy-shard-cluster.txt},
  url           = {https://docs.mongodb.com/v3.2/tutorial/deploy-shard-cluster/#overview},
  urldate       = {2016-12-03},
  abstract      = {{MongoDB} Manual 3.2 Deploy a Sharded Cluster},
}


@Comment{jabref-meta: databaseType:biblatex;}
